<?xml version='1.0' encoding='utf-8'?>
<Document xmlns="urn:iso:std:iso:20022:tech:xsd:pain.001.001.03">
  <CstmrCdtTrfInitn>
    <GrpHdr>
      <MsgId>41A6F3B45E894552A0EA39A40E30706A</MsgId>
      <CreDtTm>2021-05-03T10:01:13Z</CreDtTm>
      <NbOfTxs>1</NbOfTxs>
      <CtrlSum>350.00</CtrlSum>
      <InitgPty>
        <Nm>TEMPO FRANCE</Nm>
      </InitgPty>
    </GrpHdr>
    <PmtInf>
      <PmtInfId>972F34300F9C52879093D6D0BB8745C8</PmtInfId>
      <PmtMtd>TRF</PmtMtd>
      <BtchBookg>true</BtchBookg>
      <NbOfTxs>1</NbOfTxs>
      <CtrlSum>350.00</CtrlSum>
      <PmtTpInf>
        <InstrPrty>NORM</InstrPrty>
        <SvcLvl>
          <Cd>SEPA</Cd>
        </SvcLvl>
      </PmtTpInf>
      <ReqdExctnDt>2021-05-03</ReqdExctnDt>
      <Dbtr>
        <Nm>TEMPO FRANCE</Nm>
      </Dbtr>
      <DbtrAcct>
        <Id>
          <IBAN>FR7610107002300052203386959</IBAN>
        </Id>
        <Ccy>EUR</Ccy>
      </DbtrAcct>
      <DbtrAgt>
        <FinInstnId>
          <BIC>BREDFRPPXXX</BIC>
        </FinInstnId>
      </DbtrAgt>
      <ChrgBr>SLEV</ChrgBr>
      <CdtTrfTxInf>
        <PmtId>
          <InstrId>E9008AC69E0C544DB27B60BB1D434BD7</InstrId>
          <EndToEndId>NOTPROVIDED</EndToEndId>
        </PmtId>
        <Amt>
          <InstdAmt Ccy="EUR">350.00</InstdAmt>
        </Amt>
        <CdtrAgt>
          <FinInstnId>
            <BIC>DEKTDE7GXXX</BIC>
          </FinInstnId>
        </CdtrAgt>
        <Cdtr>
          <Nm>MARTIN MIHALOVIC</Nm>
        </Cdtr>
        <CdtrAcct>
          <Id>
            <IBAN>DE44700111106048962147</IBAN>
          </Id>
        </CdtrAcct>
        <RmtInf>
          <Ustrd>TEA097136325948</Ustrd>
        </RmtInf>
      </CdtTrfTxInf>
    </PmtInf>
  </CstmrCdtTrfInitn>
</Document>
